@ARTICLE{stray,
   author = {{Erkal}, D. and {Sanders}, J.~L. and {Belokurov}, V.},
    title = "{Stray, swing and scatter: angular momentum evolution of orbits and streams in aspherical potentials}",
  journal = {\mnras},
archivePrefix = "arXiv",
   eprint = {1603.08922},
 keywords = {galaxies: haloes, galaxies: structure, dark matter},
     year = 2016,
    month = sep,
   volume = 461,
    pages = {1590-1604},
      doi = {10.1093/mnras/stw1400},
   adsurl = {http://adsabs.harvard.edu/abs/2016MNRAS.461.1590E},
  adsnote = {Provided by the SAO/NASA Astrophysics Data System}
}

@ARTICLE{Clementini2018,
   author = {{Clementini}, G. and {Ripepi}, V. and {Molinaro}, R. and {Garofalo}, A. and 
	{Muraveva}, T. and {Rimoldini}, L. and {Guy}, L.~P. and {Jevardat de Fombelle}, G. and 
	{Nienartowicz}, K. and {Audard}, M. and {Holl}, B. and {Leccia}, S. and 
	{Marconi}, M. and {Musella}, I. and {Mowlavi}, N. and {Lecoeur-Taibi}, I. and 
	{Eyer}, L. and {De Ridder}, J. and {Regibo}, S. and {Sarro}, L.~M. and 
	{Szabados}, L. and {Evans}, D.~W. and {Riello}, M.},
    title = "{Gaia Data Release 2: Specific characterisation and validation of all-sky Cepheids and RR Lyrae stars}",
  journal = {ArXiv e-prints},
archivePrefix = "arXiv",
   eprint = {1805.02079},
 primaryClass = "astro-ph.SR",
 keywords = {Astrophysics - Solar and Stellar Astrophysics},
     year = 2018,
    month = may,
   adsurl = {http://adsabs.harvard.edu/abs/2018arXiv180502079C},
  adsnote = {Provided by the SAO/NASA Astrophysics Data System}
}

@ARTICLE{Holl2018,
   author = {{Holl}, B. and {Audard}, M. and {Nienartowicz}, K. and {Jevardat de Fombelle}, G. and 
	{Marchal}, O. and {Mowlavi}, N. and {Clementini}, G. and {De Ridder}, J. and 
	{Evans}, D.~W. and {Guy}, L.~P. and {Lanzafame}, A.~C. and {Lebzelter}, T. and 
	{Rimoldini}, L. and {Roelens}, M. and {Zucker}, S. and {Distefano}, E. and 
	{Garofalo}, A. and {Lecoeur-Ta{\"i}bi}, I. and {Lopez}, M. and 
	{Molinaro}, R. and {Muraveva}, T. and {Panahi}, A. and {Regibo}, S. and 
	{Ripepi}, V. and {Sarro}, L.~M. and {Aerts}, C. and {Anderson}, R.~I. and 
	{Charnas}, J. and {Barblan}, F. and {Blanco-Cuaresma}, S. and 
	{Busso}, G. and {Cuypers}, J. and {De Angeli}, F. and {Glass}, F. and 
	{Grenon}, M. and {Juh{\'a}sz}, {\'A}.~L. and {Kochoska}, A. and 
	{Koubsky}, P. and {Lanza}, A.~F. and {Leccia}, S. and {Lorenz}, D. and 
	{Marconi}, M. and {Marschalk}, G. and {Mazeh}, T. and {Messina}, S. and 
	{Mignard}, F. and {Moitinho}, A. and {Moln{\'a}r}, L. and {Morgenthaler}, S. and 
	{Musella}, I. and {Ordenovic}, C. and {Ord{\'o}{\~n}ez}, D. and 
	{Pagano}, I. and {Palaversa}, L. and {Pawlak}, M. and {Plachy}, E. and 
	{Pr{\v s}a}, A. and {Riello}, M. and {S{\"u}veges}, M. and {Szabados}, L. and 
	{Szegedi-Elek}, E. and {Votruba}, V. and {Eyer}, L.},
    title = "{Gaia Data Release 2: Summary of the variability processing {\amp} analysis results}",
  journal = {ArXiv e-prints},
archivePrefix = "arXiv",
   eprint = {1804.09373},
 primaryClass = "astro-ph.SR",
 keywords = {Astrophysics - Solar and Stellar Astrophysics, Astrophysics - Instrumentation and Methods for Astrophysics},
     year = 2018,
    month = apr,
   adsurl = {http://adsabs.harvard.edu/abs/2018arXiv180409373H},
  adsnote = {Provided by the SAO/NASA Astrophysics Data System}
}

@ARTICLE{Prusti2016,
       author = {{Gaia Collaboration} and {Prusti}, T. and {de Bruijne}, J.~H.~J. and
        {Brown}, A.~G.~A. and {Vallenari}, A. and {Babusiaux}, C. and
        {Bailer-Jones}, C.~A.~L. and {Bastian}, U. and {Biermann}, M.
        and {Evans}, D.~W. and {Eyer}, L. and {Jansen}, F. and {Jordi},
        C. and {Klioner}, S.~A. and {Lammers}, U. and {Lindegren}, L.
        and {Luri}, X. and {Mignard}, F. and {Milligan}, D.~J. and
        {Panem}, C. and {Poinsignon}, V. and {Pourbaix}, D. and
        {Randich}, S. and {Sarri}, G. and {Sartoretti}, P. and
        {Siddiqui}, H.~I. and {Soubiran}, C. and {Valette}, V. and {van
        Leeuwen}, F. and {Walton}, N.~A. and {Aerts}, C. and {Arenou},
        F. and {Cropper}, M. and {Drimmel}, R. and {H{\o}g}, E. and
        {Katz}, D. and {Lattanzi}, M.~G. and {O'Mullane}, W. and
        {Grebel}, E.~K. and {Holland}, A.~D. and {Huc}, C. and {Passot},
        X. and {Bramante}, L. and {Cacciari}, C. and {Casta{\~n}eda}, J.
        and {Chaoul}, L. and {Cheek}, N. and {De Angeli}, F. and
        {Fabricius}, C. and {Guerra}, R. and {Hern{\'a}ndez}, J. and
        {Jean-Antoine-Piccolo}, A. and {Masana}, E. and {Messineo}, R.
        and {Mowlavi}, N. and {Nienartowicz}, K. and {Ord{\'o}{\~n}ez-
        Blanco}, D. and {Panuzzo}, P. and {Portell}, J. and {Richards},
        P.~J. and {Riello}, M. and {Seabroke}, G.~M. and {Tanga}, P. and
        {Th{\'e}venin}, F. and {Torra}, J. and {Els}, S.~G. and {Gracia-
        Abril}, G. and {Comoretto}, G. and {Garcia-Reinaldos}, M. and
        {Lock}, T. and {Mercier}, E. and {Altmann}, M. and {Andrae}, R.
        and {Astraatmadja}, T.~L. and {Bellas-Velidis}, I. and {Benson},
        K. and {Berthier}, J. and {Blomme}, R. and {Busso}, G. and
        {Carry}, B. and {Cellino}, A. and {Clementini}, G. and {Cowell},
        S. and {Creevey}, O. and {Cuypers}, J. and {Davidson}, M. and
        {De Ridder}, J. and {de Torres}, A. and {Delchambre}, L. and
        {Dell'Oro}, A. and {Ducourant}, C. and {Fr{\'e}mat}, Y. and
        {Garc{\'\i}a-Torres}, M. and {Gosset}, E. and {Halbwachs}, J.
        -L. and {Hambly}, N.~C. and {Harrison}, D.~L. and {Hauser}, M.
        and {Hestroffer}, D. and {Hodgkin}, S.~T. and {Huckle}, H.~E.
        and {Hutton}, A. and {Jasniewicz}, G. and {Jordan}, S. and
        {Kontizas}, M. and {Korn}, A.~J. and {Lanzafame}, A.~C. and
        {Manteiga}, M. and {Moitinho}, A. and {Muinonen}, K. and
        {Osinde}, J. and {Pancino}, E. and {Pauwels}, T. and {Petit}, J.
        -M. and {Recio-Blanco}, A. and {Robin}, A.~C. and {Sarro}, L.~M.
        and {Siopis}, C. and {Smith}, M. and {Smith}, K.~W. and
        {Sozzetti}, A. and {Thuillot}, W. and {van Reeven}, W. and
        {Viala}, Y. and {Abbas}, U. and {Abreu Aramburu}, A. and
        {Accart}, S. and {Aguado}, J.~J. and {Allan}, P.~M. and
        {Allasia}, W. and {Altavilla}, G. and {{\'A}lvarez}, M.~A. and
        {Alves}, J. and {Anderson}, R.~I. and {Andrei}, A.~H. and
        {Anglada Varela}, E. and {Antiche}, E. and {Antoja}, T. and
        {Ant{\'o}n}, S. and {Arcay}, B. and {Atzei}, A. and {Ayache}, L.
        and {Bach}, N. and {Baker}, S.~G. and {Balaguer-N{\'u}{\~n}ez},
        L. and {Barache}, C. and {Barata}, C. and {Barbier}, A. and
        {Barblan}, F. and {Baroni}, M. and {Barrado y Navascu{\'e}s}, D.
        and {Barros}, M. and {Barstow}, M.~A. and {Becciani}, U. and
        {Bellazzini}, M. and {Bellei}, G. and {Bello Garc{\'\i}a}, A.
        and {Belokurov}, V. and {Bendjoya}, P. and {Berihuete}, A. and
        {Bianchi}, L. and {Bienaym{\'e}}, O. and {Billebaud}, F. and
        {Blagorodnova}, N. and {Blanco-Cuaresma}, S. and {Boch}, T. and
        {Bombrun}, A. and {Borrachero}, R. and {Bouquillon}, S. and
        {Bourda}, G. and {Bouy}, H. and {Bragaglia}, A. and {Breddels},
        M.~A. and {Brouillet}, N. and {Br{\"u}semeister}, T. and
        {Bucciarelli}, B. and {Budnik}, F. and {Burgess}, P. and
        {Burgon}, R. and {Burlacu}, A. and {Busonero}, D. and {Buzzi},
        R. and {Caffau}, E. and {Cambras}, J. and {Campbell}, H. and
        {Cancelliere}, R. and {Cantat-Gaudin}, T. and {Carlucci}, T. and
        {Carrasco}, J.~M. and {Castellani}, M. and {Charlot}, P. and
        {Charnas}, J. and {Charvet}, P. and {Chassat}, F. and
        {Chiavassa}, A. and {Clotet}, M. and {Cocozza}, G. and
        {Collins}, R.~S. and {Collins}, P. and {Costigan}, G. and
        {Crifo}, F. and {Cross}, N.~J.~G. and {Crosta}, M. and
        {Crowley}, C. and {Dafonte}, C. and {Damerdji}, Y. and
        {Dapergolas}, A. and {David}, P. and {David}, M. and {De Cat},
        P. and {de Felice}, F. and {de Laverny}, P. and {De Luise}, F.
        and {De March}, R. and {de Martino}, D. and {de Souza}, R. and
        {Debosscher}, J. and {del Pozo}, E. and {Delbo}, M. and
        {Delgado}, A. and {Delgado}, H.~E. and {di Marco}, F. and {Di
        Matteo}, P. and {Diakite}, S. and {Distefano}, E. and {Dolding},
        C. and {Dos Anjos}, S. and {Drazinos}, P. and {Dur{\'a}n}, J.
        and {Dzigan}, Y. and {Ecale}, E. and {Edvardsson}, B. and
        {Enke}, H. and {Erdmann}, M. and {Escolar}, D. and {Espina}, M.
        and {Evans}, N.~W. and {Eynard Bontemps}, G. and {Fabre}, C. and
        {Fabrizio}, M. and {Faigler}, S. and {Falc{\~a}o}, A.~J. and
        {Farr{\`a}s Casas}, M. and {Faye}, F. and {Federici}, L. and
        {Fedorets}, G. and {Fern{\'a}ndez-Hern{\'a}ndez}, J. and
        {Fernique}, P. and {Fienga}, A. and {Figueras}, F. and
        {Filippi}, F. and {Findeisen}, K. and {Fonti}, A. and
        {Fouesneau}, M. and {Fraile}, E. and {Fraser}, M. and {Fuchs},
        J. and {Furnell}, R. and {Gai}, M. and {Galleti}, S. and
        {Galluccio}, L. and {Garabato}, D. and {Garc{\'\i}a-Sedano}, F.
        and {Gar{\'e}}, P. and {Garofalo}, A. and {Garralda}, N. and
        {Gavras}, P. and {Gerssen}, J. and {Geyer}, R. and {Gilmore}, G.
        and {Girona}, S. and {Giuffrida}, G. and {Gomes}, M. and
        {Gonz{\'a}lez-Marcos}, A. and {Gonz{\'a}lez-N{\'u}{\~n}ez}, J.
        and {Gonz{\'a}lez-Vidal}, J.~J. and {Granvik}, M. and
        {Guerrier}, A. and {Guillout}, P. and {Guiraud}, J. and
        {G{\'u}rpide}, A. and {Guti{\'e}rrez-S{\'a}nchez}, R. and {Guy},
        L.~P. and {Haigron}, R. and {Hatzidimitriou}, D. and {Haywood},
        M. and {Heiter}, U. and {Helmi}, A. and {Hobbs}, D. and
        {Hofmann}, W. and {Holl}, B. and {Holland}, G. and {Hunt},
        J.~A.~S. and {Hypki}, A. and {Icardi}, V. and {Irwin}, M. and
        {Jevardat de Fombelle}, G. and {Jofr{\'e}}, P. and {Jonker},
        P.~G. and {Jorissen}, A. and {Julbe}, F. and {Karampelas}, A.
        and {Kochoska}, A. and {Kohley}, R. and {Kolenberg}, K. and
        {Kontizas}, E. and {Koposov}, S.~E. and {Kordopatis}, G. and
        {Koubsky}, P. and {Kowalczyk}, A. and {Krone-Martins}, A. and
        {Kudryashova}, M. and {Kull}, I. and {Bachchan}, R.~K. and
        {Lacoste-Seris}, F. and {Lanza}, A.~F. and {Lavigne}, J. -B. and
        {Le Poncin-Lafitte}, C. and {Lebreton}, Y. and {Lebzelter}, T.
        and {Leccia}, S. and {Leclerc}, N. and {Lecoeur-Taibi}, I. and
        {Lemaitre}, V. and {Lenhardt}, H. and {Leroux}, F. and {Liao},
        S. and {Licata}, E. and {Lindstr{\o}m}, H.~E.~P. and {Lister},
        T.~A. and {Livanou}, E. and {Lobel}, A. and {L{\"o}ffler}, W.
        and {L{\'o}pez}, M. and {Lopez-Lozano}, A. and {Lorenz}, D. and
        {Loureiro}, T. and {MacDonald}, I. and {Magalh{\~a}es
        Fernandes}, T. and {Managau}, S. and {Mann}, R.~G. and
        {Mantelet}, G. and {Marchal}, O. and {Marchant}, J.~M. and
        {Marconi}, M. and {Marie}, J. and {Marinoni}, S. and {Marrese},
        P.~M. and {Marschalk{\'o}}, G. and {Marshall}, D.~J. and
        {Mart{\'\i}n-Fleitas}, J.~M. and {Martino}, M. and {Mary}, N.
        and {Matijevi{\v{c}}}, G. and {Mazeh}, T. and {McMillan}, P.~J.
        and {Messina}, S. and {Mestre}, A. and {Michalik}, D. and
        {Millar}, N.~R. and {Miranda}, B.~M.~H. and {Molina}, D. and
        {Molinaro}, R. and {Molinaro}, M. and {Moln{\'a}r}, L. and
        {Moniez}, M. and {Montegriffo}, P. and {Monteiro}, D. and {Mor},
        R. and {Mora}, A. and {Morbidelli}, R. and {Morel}, T. and
        {Morgenthaler}, S. and {Morley}, T. and {Morris}, D. and
        {Mulone}, A.~F. and {Muraveva}, T. and {Musella}, I. and
        {Narbonne}, J. and {Nelemans}, G. and {Nicastro}, L. and
        {Noval}, L. and {Ord{\'e}novic}, C. and {Ordieres-Mer{\'e}}, J.
        and {Osborne}, P. and {Pagani}, C. and {Pagano}, I. and
        {Pailler}, F. and {Palacin}, H. and {Palaversa}, L. and
        {Parsons}, P. and {Paulsen}, T. and {Pecoraro}, M. and
        {Pedrosa}, R. and {Pentik{\"a}inen}, H. and {Pereira}, J. and
        {Pichon}, B. and {Piersimoni}, A.~M. and {Pineau}, F. -X. and
        {Plachy}, E. and {Plum}, G. and {Poujoulet}, E. and
        {Pr{\v{s}}a}, A. and {Pulone}, L. and {Ragaini}, S. and {Rago},
        S. and {Rambaux}, N. and {Ramos-Lerate}, M. and {Ranalli}, P.
        and {Rauw}, G. and {Read}, A. and {Regibo}, S. and {Renk}, F.
        and {Reyl{\'e}}, C. and {Ribeiro}, R.~A. and {Rimoldini}, L. and
        {Ripepi}, V. and {Riva}, A. and {Rixon}, G. and {Roelens}, M.
        and {Romero-G{\'o}mez}, M. and {Rowell}, N. and {Royer}, F. and
        {Rudolph}, A. and {Ruiz-Dern}, L. and {Sadowski}, G. and
        {Sagrist{\`a} Sell{\'e}s}, T. and {Sahlmann}, J. and {Salgado},
        J. and {Salguero}, E. and {Sarasso}, M. and {Savietto}, H. and
        {Schnorhk}, A. and {Schultheis}, M. and {Sciacca}, E. and
        {Segol}, M. and {Segovia}, J.~C. and {Segransan}, D. and
        {Serpell}, E. and {Shih}, I. -C. and {Smareglia}, R. and
        {Smart}, R.~L. and {Smith}, C. and {Solano}, E. and {Solitro},
        F. and {Sordo}, R. and {Soria Nieto}, S. and {Souchay}, J. and
        {Spagna}, A. and {Spoto}, F. and {Stampa}, U. and {Steele},
        I.~A. and {Steidelm{\"u}ller}, H. and {Stephenson}, C.~A. and
        {Stoev}, H. and {Suess}, F.~F. and {S{\"u}veges}, M. and
        {Surdej}, J. and {Szabados}, L. and {Szegedi-Elek}, E. and
        {Tapiador}, D. and {Taris}, F. and {Tauran}, G. and {Taylor},
        M.~B. and {Teixeira}, R. and {Terrett}, D. and {Tingley}, B. and
        {Trager}, S.~C. and {Turon}, C. and {Ulla}, A. and {Utrilla}, E.
        and {Valentini}, G. and {van Elteren}, A. and {Van Hemelryck},
        E. and {van Leeuwen}, M. and {Varadi}, M. and {Vecchiato}, A.
        and {Veljanoski}, J. and {Via}, T. and {Vicente}, D. and {Vogt},
        S. and {Voss}, H. and {Votruba}, V. and {Voutsinas}, S. and
        {Walmsley}, G. and {Weiler}, M. and {Weingrill}, K. and
        {Werner}, D. and {Wevers}, T. and {Whitehead}, G. and
        {Wyrzykowski}, {\L}. and {Yoldas}, A. and {{\v{Z}}erjal}, M. and
        {Zucker}, S. and {Zurbach}, C. and {Zwitter}, T. and {Alecu}, A.
        and {Allen}, M. and {Allende Prieto}, C. and {Amorim}, A. and
        {Anglada-Escud{\'e}}, G. and {Arsenijevic}, V. and {Azaz}, S.
        and {Balm}, P. and {Beck}, M. and {Bernstein}, H. -H. and
        {Bigot}, L. and {Bijaoui}, A. and {Blasco}, C. and {Bonfigli},
        M. and {Bono}, G. and {Boudreault}, S. and {Bressan}, A. and
        {Brown}, S. and {Brunet}, P. -M. and {Bunclark}, P. and
        {Buonanno}, R. and {Butkevich}, A.~G. and {Carret}, C. and
        {Carrion}, C. and {Chemin}, L. and {Ch{\'e}reau}, F. and
        {Corcione}, L. and {Darmigny}, E. and {de Boer}, K.~S. and {de
        Teodoro}, P. and {de Zeeuw}, P.~T. and {Delle Luche}, C. and
        {Domingues}, C.~D. and {Dubath}, P. and {Fodor}, F. and
        {Fr{\'e}zouls}, B. and {Fries}, A. and {Fustes}, D. and {Fyfe},
        D. and {Gallardo}, E. and {Gallegos}, J. and {Gardiol}, D. and
        {Gebran}, M. and {Gomboc}, A. and {G{\'o}mez}, A. and {Grux}, E.
        and {Gueguen}, A. and {Heyrovsky}, A. and {Hoar}, J. and
        {Iannicola}, G. and {Isasi Parache}, Y. and {Janotto}, A. -M.
        and {Joliet}, E. and {Jonckheere}, A. and {Keil}, R. and {Kim},
        D. -W. and {Klagyivik}, P. and {Klar}, J. and {Knude}, J. and
        {Kochukhov}, O. and {Kolka}, I. and {Kos}, J. and {Kutka}, A.
        and {Lainey}, V. and {LeBouquin}, D. and {Liu}, C. and
        {Loreggia}, D. and {Makarov}, V.~V. and {Marseille}, M.~G. and
        {Martayan}, C. and {Martinez-Rubi}, O. and {Massart}, B. and
        {Meynadier}, F. and {Mignot}, S. and {Munari}, U. and {Nguyen},
        A. -T. and {Nordlander}, T. and {Ocvirk}, P. and {O'Flaherty},
        K.~S. and {Olias Sanz}, A. and {Ortiz}, P. and {Osorio}, J. and
        {Oszkiewicz}, D. and {Ouzounis}, A. and {Palmer}, M. and {Park},
        P. and {Pasquato}, E. and {Peltzer}, C. and {Peralta}, J. and
        {P{\'e}turaud}, F. and {Pieniluoma}, T. and {Pigozzi}, E. and
        {Poels}, J. and {Prat}, G. and {Prod'homme}, T. and {Raison}, F.
        and {Rebordao}, J.~M. and {Risquez}, D. and {Rocca-Volmerange},
        B. and {Rosen}, S. and {Ruiz-Fuertes}, M.~I. and {Russo}, F. and
        {Sembay}, S. and {Serraller Vizcaino}, I. and {Short}, A. and
        {Siebert}, A. and {Silva}, H. and {Sinachopoulos}, D. and
        {Slezak}, E. and {Soffel}, M. and {Sosnowska}, D. and
        {Strai{\v{z}}ys}, V. and {ter Linden}, M. and {Terrell}, D. and
        {Theil}, S. and {Tiede}, C. and {Troisi}, L. and {Tsalmantza},
        P. and {Tur}, D. and {Vaccari}, M. and {Vachier}, F. and
        {Valles}, P. and {Van Hamme}, W. and {Veltz}, L. and {Virtanen},
        J. and {Wallut}, J. -M. and {Wichmann}, R. and {Wilkinson},
        M.~I. and {Ziaeepour}, H. and {Zschocke}, S.},
        title = "{The Gaia mission}",
      journal = {\aap},
     keywords = {space vehicles: instruments, Galaxy: structure, astrometry, parallaxes,
        proper motions, telescopes, Astrophysics - Instrumentation and
        Methods for Astrophysics},
         year = 2016,
        month = Nov,
       volume = {595},
          eid = {A1},
        pages = {A1},
          doi = {10.1051/0004-6361/201629272},
       adsurl = {https://ui.adsabs.harvard.edu/#abs/2016A&A...595A...1G},
      adsnote = {Provided by the SAO/NASA Astrophysics Data System}
}

@ARTICLE{Brown2018,
   author = {{Gaia Collaboration} and {Brown}, A.~G.~A. and {Vallenari}, A. and 
	{Prusti}, T. and {de Bruijne}, J.~H.~J. and {Babusiaux}, C. and 
	{Bailer-Jones}, C.~A.~L.},
    title = "{Gaia Data Release 2. Summary of the contents and survey properties}",
  journal = {ArXiv e-prints},
archivePrefix = "arXiv",
   eprint = {1804.09365},
 keywords = {Astrophysics - Astrophysics of Galaxies, Astrophysics - Instrumentation and Methods for Astrophysics},
     year = 2018,
    month = apr,
   adsurl = {http://esoads.eso.org/abs/2018arXiv180409365G},
  adsnote = {Provided by the SAO/NASA Astrophysics Data System}
}

@ARTICLE{Iorio2018,
   author = {{Iorio}, G. and {Belokurov}, V.},
    title = "{The shape of the Galactic halo with Gaia DR2 RR Lyrae. Anatomy of an ancient major merger}",
  journal = {\mnras},
archivePrefix = "arXiv",
   eprint = {1808.04370},
 keywords = {galaxies: individual (Milky Way), Galaxy: structure, Galaxy: stellar content, Galaxy: stellar halo, stars: (RR Lyrae), Galaxy: kinematics},
     year = 2018,
    month = oct,
      doi = {10.1093/mnras/sty2806},
   adsurl = {http://adsabs.harvard.edu/abs/2018MNRAS.tmp.2667I},
  adsnote = {Provided by the SAO/NASA Astrophysics Data System}
}

@ARTICLE{LSR,
   author = {{Co{\c s}kuno{\v g}lu}, B. and {Ak}, S. and {Bilir}, S. and 
	{Karaali}, S. and {Yaz}, E. and {Gilmore}, G. and {Seabroke}, G.~M. and 
	{Bienaym{\'e}}, O. and {Bland-Hawthorn}, J. and {Campbell}, R. and 
	{Freeman}, K.~C. and {Gibson}, B. and {Grebel}, E.~K. and {Munari}, U. and 
	{Navarro}, J.~F. and {Parker}, Q.~A. and {Siebert}, A. and {Siviero}, A. and 
	{Steinmetz}, M. and {Watson}, F.~G. and {Wyse}, R.~F.~G. and 
	{Zwitter}, T.},
    title = "{Local stellar kinematics from RAVE data - I. Local standard of rest}",
  journal = {\mnras},
archivePrefix = "arXiv",
   eprint = {1011.1188},
 keywords = {Galaxy: kinematics and dynamics, solar neighbourhood, Galaxy: stellar content},
     year = 2011,
    month = apr,
   volume = 412,
    pages = {1237-1245},
      doi = {10.1111/j.1365-2966.2010.17983.x},
   adsurl = {http://adsabs.harvard.edu/abs/2011MNRAS.412.1237C},
  adsnote = {Provided by the SAO/NASA Astrophysics Data System}
}

@ARTICLE{OS_V,
   author = {{Belokurov}, V. and {Evans}, N.~W. and {Irwin}, M.~J. and {Lynden-Bell}, D. and 
	{Yanny}, B. and {Vidrih}, S. and {Gilmore}, G. and {Seabroke}, G. and 
	{Zucker}, D.~B. and {Wilkinson}, M.~I. and {Hewett}, P.~C. and 
	{Bramich}, D.~M. and {Fellhauer}, M. and {Newberg}, H.~J. and 
	{Wyse}, R.~F.~G. and {Beers}, T.~C. and {Bell}, E.~F. and {Barentine}, J.~C. and 
	{Brinkmann}, J. and {Cole}, N. and {Pan}, K. and {York}, D.~G.
	},
    title = "{An Orphan in the ``Field of Streams''}",
  journal = {\apj},
   eprint = {astro-ph/0605705},
 keywords = {Galaxies: Kinematics and Dynamics, Galaxies: Structure, Galaxies: Local Group},
     year = 2007,
    month = mar,
   volume = 658,
    pages = {337-344},
      doi = {10.1086/511302},
   adsurl = {http://adsabs.harvard.edu/abs/2007ApJ...658..337B},
  adsnote = {Provided by the SAO/NASA Astrophysics Data System}
}

@ARTICLE{OS_C,
   author = {{Grillmair}, C.~J.},
    title = "{Detection of a 60{\deg}-long Dwarf Galaxy Debris Stream}",
  journal = {\apjl},
   eprint = {astro-ph/0605396},
 keywords = {Galaxy: Halo, Galaxy: Structure, Galaxy: Globular Clusters: General},
     year = 2006,
    month = jul,
   volume = 645,
    pages = {L37-L40},
      doi = {10.1086/505863},
   adsurl = {http://adsabs.harvard.edu/abs/2006ApJ...645L..37G},
  adsnote = {Provided by the SAO/NASA Astrophysics Data System}
}

@ARTICLE{Newberg2010,
   author = {{Newberg}, H.~J. and {Willett}, B.~A. and {Yanny}, B. and {Xu}, Y.
	},
    title = "{The Orbit of the Orphan Stream}",
  journal = {\apj},
archivePrefix = "arXiv",
   eprint = {1001.0576},
 keywords = {Galaxy: halo, Galaxy: structure, stars: kinematics and dynamics},
     year = 2010,
    month = mar,
   volume = 711,
    pages = {32-49},
      doi = {10.1088/0004-637X/711/1/32},
   adsurl = {http://adsabs.harvard.edu/abs/2010ApJ...711...32N},
  adsnote = {Provided by the SAO/NASA Astrophysics Data System}
}

@ARTICLE{Koposov2010,
   author = {{Koposov}, S.~E. and {Rix}, H.-W. and {Hogg}, D.~W.},
    title = "{Constraining the Milky Way Potential with a Six-Dimensional Phase-Space Map of the GD-1 Stellar Stream}",
  journal = {\apj},
archivePrefix = "arXiv",
   eprint = {0907.1085},
 primaryClass = "astro-ph.GA",
 keywords = {Galaxy: fundamental parameters, Galaxy: halo, Galaxy: kinematics and dynamics, methods: statistical, stars: kinematics and dynamics, surveys},
     year = 2010,
    month = mar,
   volume = 712,
    pages = {260-273},
      doi = {10.1088/0004-637X/712/1/260},
   adsurl = {http://adsabs.harvard.edu/abs/2010ApJ...712..260K},
  adsnote = {Provided by the SAO/NASA Astrophysics Data System}
}

@ARTICLE{Sohn2016,
   author = {{Sohn}, S.~T. and {van der Marel}, R.~P. and {Kallivayalil}, N. and 
	{Majewski}, S.~R. and {Besla}, G. and {Carlin}, J.~L. and {Law}, D.~R. and 
	{Siegel}, M.~H. and {Anderson}, J.},
    title = "{Hubble Space Telescope Proper Motions of Individual Stars in Stellar Streams: Orphan, Sagittarius, Lethe, and the New ``Parallel{\rsquo} Stream''}",
  journal = {\apj},
archivePrefix = "arXiv",
   eprint = {1611.02282},
 keywords = {astrometry, Galaxy: halo, Galaxy: kinematics and dynamics, proper motions},
     year = 2016,
    month = dec,
   volume = 833,
      eid = {235},
    pages = {235},
      doi = {10.3847/1538-4357/833/2/235},
   adsurl = {http://adsabs.harvard.edu/abs/2016ApJ...833..235S},
  adsnote = {Provided by the SAO/NASA Astrophysics Data System}
}
